@article{lin2008parallel,
	title={Parallel Improved HDTV720p Targeted Propagate Partial SAD Architecture for Variable Block Size Motion Estimation in H.264/AVC},
	author={Lin, Chia-Chi and Chen, Wei-Cheng and Tsai, Ming-Hsiang and Tsai, Cheng-Wei},
	journal={IEICE Transactions on Fundamentals of Electronics, Communications and Computer Sciences},
	volume={E91-A},
	number={4},
	pages={958--966},
	year={2008},
	publisher={The Institute of Electronics, Information and Communication Engineers (IEICE)}
}

@book{kalaycioglu2011low,
	title={Low power techniques for motion estimation hardware},
	author={Kalaycioglu, Caglar and Ulusel, Onur Can and Hamzaoglu, Ilker},
	journal={Electronics Engineering, Faculty of Engineering and Natural Sciences, Sabanci University},
	address={34956 Tuzla, Istanbul, Turkey},
	year={2011}
}

@book{richardson2010h264,
	title={The H.264 Advanced Video Compression Standard},
	author={Richardson, Iain E.},
	edition={2nd},
	publisher={Wiley},
	address={UK},
	year={2010}
}


@misc{rgb-h264-profiles,
	title={H.264 Profiles},
	author={RGB},
	howpublished={\url{https://www.rgb.com/h264-profiles}},
	year={Accessed on May 12, 2023}
}

@mastersthesis{sahin2006efficient,
	title={An Efficient H.264 Intra Frame Coder Hardware Design},
	author={Şahin, Esra},
	year={2006},
	school={Sabanci University, Electrical and Electronics Engineering Department (EECS)},
	address={Istanbul, Turkey},
	type={Master Thesis},
	supervisor={Hamzaoğlu, İlker},
	url={https://suurcan.sabanciuniv.edu/fedora/objects/thesis:395/datastreams/SAHIN_ESRA_thesis_05042007_1217_02/pdf?origin=browser},
}

@article{li2003serial,
	title={Serial and parallel FPGA-based variable block size motion estimation processors},
	author={Li, Brian MH and Leong, Philip HW},
	journal={IEEE Transactions on Circuits and Systems for Video Technology},
	volume={13},
	number={7},
	pages={624--635},
	year={2003},
	publisher={IEEE}
}

@inproceedings{amer2005high,
	title={A high-performance hardware implementation of the H. 264 simplified 8× 8 transformation and quantization},
	author={Amer, Ihab and Badawy, Wael and Jullien, Graham},
	booktitle={Advanced Information Processing Systems},
	pages={84--89},
	year={2005},
	organization={Springer}
}

@article{anilkumar2021intra,
	title={Intra Prediction Algorithm for Video Frames of H.264},
	author={Anil Kumar C. and Pradeep Kumar B.P. and Venu K.N. and Lavanya Vaishnavi D.A.},
	journal={Nat. Volatiles \& Essent. Oils},
	volume={8},
	number={5},
	pages={11357--11367},
	year={2021}
}